@misc{alman2020refined,
  title         = {A Refined Laser Method and Faster Matrix Multiplication},
  author        = {Josh Alman and Virginia Vassilevska Williams},
  year          = {2020},
  eprint        = {2010.05846},
  archiveprefix = {arXiv},
  primaryclass  = {cs.DS}
}